<?xml version="1.0" encoding="UTF-8"?><collection xmlns="http://www.loc.gov/MARC21/slim"><record><leader>00549nam--2200181-i-4500</leader><controlfield tag="001">000048099</controlfield><controlfield tag="002">20161230</controlfield><controlfield tag="005">20161230201046</controlfield><controlfield tag="008">060222s1000------------r-----000-0-ger-d</controlfield><datafield ind1=" " ind2=" " tag="040"><subfield code="a">IFIN-HH</subfield></datafield><datafield ind1=" " ind2=" " tag="041"><subfield code="a">ger</subfield></datafield><datafield ind1=" " ind2=" " tag="080"><subfield code="a">539.2(043):537.621(043):536(043)</subfield></datafield><datafield ind1="1" ind2=" " tag="100"><subfield code="a">Zumsteg, Alphons</subfield></datafield><datafield ind1="1" ind2="0" tag="245"><subfield code="a">Magnetische und kalorische eigenschaften von alkali-hyperoxid-kristallen</subfield><subfield code="b">Dissertation</subfield><subfield code="c">Alphons zumsteg</subfield></datafield><datafield ind1=" " ind2=" " tag="260"><subfield code="a">Zurich</subfield><subfield code="b">Juris Druck + Verlag Zurich</subfield><subfield code="c">1973</subfield></datafield><datafield ind1=" " ind2=" " tag="300"><subfield code="a">29P. + 16FIG</subfield></datafield><datafield ind1=" " ind2=" " tag="852"><subfield code="a">43453</subfield><subfield code="c">539.2</subfield></datafield><datafield ind1=" " ind2=" " tag="CAT"><subfield code="a">Sys</subfield><subfield code="c">20121025</subfield><subfield code="h">121604</subfield></datafield></record></collection>